%YAML 1.1
%TAG !u! tag:unity3d.com,2011:
--- !u!91 &9100000
AnimatorController:
  m_ObjectHideFlags: 0
  m_PrefabParentObject: {fileID: 0}
  m_PrefabInternal: {fileID: 0}
  m_Name: Health
  serializedVersion: 2
  m_AnimatorParameters:
  - m_Name: health
    m_Type: 3
    m_DefaultFloat: 0
    m_DefaultInt: 0
    m_DefaultBool: 0
    m_Controller: {fileID: 9100000}
  m_AnimatorLayers:
  - serializedVersion: 3
    m_Name: Base Layer
    m_StateMachine: {fileID: 110700000}
    m_Mask: {fileID: 0}
    m_BlendingMode: 0
    m_SyncedLayerIndex: -1
    m_StateMachineMotionSetIndex: 0
    m_DefaultWeight: 0
    m_IKPass: 0
    m_SyncedLayerAffectsTiming: 0
    m_Controller: {fileID: 9100000}
--- !u!1101 &110100000
Transition:
  m_ObjectHideFlags: 3
  m_PrefabParentObject: {fileID: 0}
  m_PrefabInternal: {fileID: 0}
  m_Name: 
  m_SrcState: {fileID: 0}
  m_DstState: {fileID: 110219355}
  m_TransitionDuration: .100000001
  m_TransitionOffset: 0
  m_Conditions:
  - m_ConditionMode: 3
    m_ConditionEvent: health
    m_EventTreshold: 51
    m_ExitTime: .899999976
  m_Atomic: 1
  m_Solo: 0
  m_Mute: 0
--- !u!1101 &110112386
Transition:
  m_ObjectHideFlags: 3
  m_PrefabParentObject: {fileID: 0}
  m_PrefabInternal: {fileID: 0}
  m_Name: 
  m_SrcState: {fileID: 0}
  m_DstState: {fileID: 110249509}
  m_TransitionDuration: .100000001
  m_TransitionOffset: 0
  m_Conditions:
  - m_ConditionMode: 4
    m_ConditionEvent: health
    m_EventTreshold: 1
    m_ExitTime: .899999976
  m_Atomic: 1
  m_Solo: 0
  m_Mute: 0
--- !u!1101 &110112722
Transition:
  m_ObjectHideFlags: 3
  m_PrefabParentObject: {fileID: 0}
  m_PrefabInternal: {fileID: 0}
  m_Name: 
  m_SrcState: {fileID: 0}
  m_DstState: {fileID: 110233066}
  m_TransitionDuration: .100000001
  m_TransitionOffset: 0
  m_Conditions:
  - m_ConditionMode: 6
    m_ConditionEvent: health
    m_EventTreshold: 50
    m_ExitTime: .899999976
  m_Atomic: 1
  m_Solo: 0
  m_Mute: 0
--- !u!1102 &110219355
State:
  m_ObjectHideFlags: 3
  m_PrefabParentObject: {fileID: 0}
  m_PrefabInternal: {fileID: 0}
  m_Name: fullHealth
  m_Speed: 1
  m_CycleOffset: 0
  m_Motions:
  - {fileID: 7400000, guid: 5108cbdc88a614ed6b459148193feee3, type: 2}
  m_ParentStateMachine: {fileID: 110700000}
  m_Position: {x: 360, y: 24, z: 0}
  m_IKOnFeet: 0
  m_Mirror: 0
  m_Tag: 
--- !u!1102 &110233066
State:
  m_ObjectHideFlags: 3
  m_PrefabParentObject: {fileID: 0}
  m_PrefabInternal: {fileID: 0}
  m_Name: halfHealth
  m_Speed: 1
  m_CycleOffset: 0
  m_Motions:
  - {fileID: 7400000, guid: e6aa9d252f5dc40bea645df1ce37ee9b, type: 2}
  m_ParentStateMachine: {fileID: 110700000}
  m_Position: {x: 324, y: 192, z: 0}
  m_IKOnFeet: 0
  m_Mirror: 0
  m_Tag: 
--- !u!1102 &110249509
State:
  m_ObjectHideFlags: 3
  m_PrefabParentObject: {fileID: 0}
  m_PrefabInternal: {fileID: 0}
  m_Name: noHealth
  m_Speed: 1
  m_CycleOffset: 0
  m_Motions:
  - {fileID: 7400000, guid: 5a26b5f7894d548188c68f64352c1ebd, type: 2}
  m_ParentStateMachine: {fileID: 110700000}
  m_Position: {x: 24, y: 204, z: 0}
  m_IKOnFeet: 0
  m_Mirror: 0
  m_Tag: 
--- !u!1107 &110700000
StateMachine:
  serializedVersion: 2
  m_ObjectHideFlags: 3
  m_PrefabParentObject: {fileID: 0}
  m_PrefabInternal: {fileID: 0}
  m_Name: Base Layer
  m_DefaultState: {fileID: 110219355}
  m_States:
  - {fileID: 110219355}
  - {fileID: 110233066}
  - {fileID: 110249509}
  m_ChildStateMachine: []
  m_ChildStateMachinePosition: []
  m_OrderedTransitions:
    data:
      first: {fileID: 110249509}
      second: []
    data:
      first: {fileID: 110233066}
      second: []
    data:
      first: {fileID: 110219355}
      second: []
    data:
      first: {fileID: 0}
      second:
      - {fileID: 110100000}
      - {fileID: 110112722}
      - {fileID: 110112386}
  m_MotionSetCount: 1
  m_AnyStatePosition: {x: 50, y: 20, z: 0}
  m_ParentStateMachinePosition: {x: 800, y: 20, z: 0}
