%YAML 1.1
%TAG !u! tag:unity3d.com,2011:
--- !u!91 &9100000
AnimatorController:
  m_ObjectHideFlags: 0
  m_PrefabParentObject: {fileID: 0}
  m_PrefabInternal: {fileID: 0}
  m_Name: OrangeDuckAnime1
  serializedVersion: 2
  m_AnimatorParameters:
  - m_Name: dead
    m_Type: 4
    m_DefaultFloat: 0
    m_DefaultInt: 0
    m_DefaultBool: 0
    m_Controller: {fileID: 9100000}
  - m_Name: speedX
    m_Type: 1
    m_DefaultFloat: 0
    m_DefaultInt: 0
    m_DefaultBool: 0
    m_Controller: {fileID: 9100000}
  - m_Name: speedY
    m_Type: 1
    m_DefaultFloat: 0
    m_DefaultInt: 0
    m_DefaultBool: 0
    m_Controller: {fileID: 9100000}
  m_AnimatorLayers:
  - serializedVersion: 3
    m_Name: Base Layer
    m_StateMachine: {fileID: 110700000}
    m_Mask: {fileID: 0}
    m_BlendingMode: 0
    m_SyncedLayerIndex: -1
    m_StateMachineMotionSetIndex: 0
    m_DefaultWeight: 0
    m_IKPass: 0
    m_SyncedLayerAffectsTiming: 0
    m_Controller: {fileID: 9100000}
--- !u!206 &20636443
BlendTree:
  m_ObjectHideFlags: 3
  m_PrefabParentObject: {fileID: 0}
  m_PrefabInternal: {fileID: 0}
  m_Name: Blend Tree
  m_Childs:
  - m_Motion: {fileID: 7400000, guid: f36c8fac5701248b1a92a9d47e454a17, type: 2}
    m_Threshold: 0
    m_Position: {x: -1, y: 1}
    m_TimeScale: 1
    m_CycleOffset: 0
    m_IsAnim: 1
    m_Mirror: 0
  - m_Motion: {fileID: 7400000, guid: 17b2b5139079c49bf9ffbc93ea6c4cad, type: 2}
    m_Threshold: .333333343
    m_Position: {x: 1, y: 1}
    m_TimeScale: 1
    m_CycleOffset: 0
    m_IsAnim: 1
    m_Mirror: 0
  - m_Motion: {fileID: 7400000, guid: a26563616c55b438f826cbe76875b790, type: 2}
    m_Threshold: .666666687
    m_Position: {x: -1, y: -1}
    m_TimeScale: 1
    m_CycleOffset: 0
    m_IsAnim: 1
    m_Mirror: 0
  - m_Motion: {fileID: 7400000, guid: 4ccc1db9820ca46d1b04562d4378affd, type: 2}
    m_Threshold: 1
    m_Position: {x: 1, y: -1}
    m_TimeScale: 1
    m_CycleOffset: 0
    m_IsAnim: 1
    m_Mirror: 0
  m_BlendParameter: speedX
  m_BlendParameterY: speedY
  m_MinThreshold: 0
  m_MaxThreshold: 1
  m_UseAutomaticThresholds: 1
  m_BlendType: 1
--- !u!1101 &110100000
Transition:
  m_ObjectHideFlags: 3
  m_PrefabParentObject: {fileID: 0}
  m_PrefabInternal: {fileID: 0}
  m_Name: 
  m_SrcState: {fileID: 0}
  m_DstState: {fileID: 110264683}
  m_TransitionDuration: .100000001
  m_TransitionOffset: 0
  m_Conditions:
  - m_ConditionMode: 1
    m_ConditionEvent: dead
    m_EventTreshold: 0
    m_ExitTime: .899999976
  - m_ConditionMode: 4
    m_ConditionEvent: speedX
    m_EventTreshold: -.100000001
    m_ExitTime: .899999976
  m_Atomic: 1
  m_Solo: 0
  m_Mute: 0
--- !u!1101 &110100726
Transition:
  m_ObjectHideFlags: 3
  m_PrefabParentObject: {fileID: 0}
  m_PrefabInternal: {fileID: 0}
  m_Name: 
  m_SrcState: {fileID: 0}
  m_DstState: {fileID: 110236443}
  m_TransitionDuration: .100000001
  m_TransitionOffset: 0
  m_Conditions:
  - m_ConditionMode: 1
    m_ConditionEvent: dead
    m_EventTreshold: 0
    m_ExitTime: .899999976
  m_Atomic: 1
  m_Solo: 0
  m_Mute: 0
--- !u!1101 &110133625
Transition:
  m_ObjectHideFlags: 3
  m_PrefabParentObject: {fileID: 0}
  m_PrefabInternal: {fileID: 0}
  m_Name: 
  m_SrcState: {fileID: 110200000}
  m_DstState: {fileID: 110275800}
  m_TransitionDuration: 0
  m_TransitionOffset: 0
  m_Conditions:
  - m_ConditionMode: 2
    m_ConditionEvent: dead
    m_EventTreshold: 0
    m_ExitTime: 1
  - m_ConditionMode: 3
    m_ConditionEvent: speedX
    m_EventTreshold: .100000001
    m_ExitTime: 1
  m_Atomic: 1
  m_Solo: 0
  m_Mute: 0
--- !u!1101 &110137154
Transition:
  m_ObjectHideFlags: 3
  m_PrefabParentObject: {fileID: 0}
  m_PrefabInternal: {fileID: 0}
  m_Name: 
  m_SrcState: {fileID: 110275800}
  m_DstState: {fileID: 110200000}
  m_TransitionDuration: 0
  m_TransitionOffset: 0
  m_Conditions:
  - m_ConditionMode: 2
    m_ConditionEvent: dead
    m_EventTreshold: 0
    m_ExitTime: 1
  - m_ConditionMode: 4
    m_ConditionEvent: speedX
    m_EventTreshold: -.100000001
    m_ExitTime: 1
  m_Atomic: 1
  m_Solo: 0
  m_Mute: 0
--- !u!1101 &110152229
Transition:
  m_ObjectHideFlags: 3
  m_PrefabParentObject: {fileID: 0}
  m_PrefabInternal: {fileID: 0}
  m_Name: 
  m_SrcState: {fileID: 0}
  m_DstState: {fileID: 110203189}
  m_TransitionDuration: .100000001
  m_TransitionOffset: 0
  m_Conditions:
  - m_ConditionMode: 1
    m_ConditionEvent: dead
    m_EventTreshold: 0
    m_ExitTime: .899999976
  - m_ConditionMode: 3
    m_ConditionEvent: speedX
    m_EventTreshold: .100000001
    m_ExitTime: .899999976
  m_Atomic: 1
  m_Solo: 0
  m_Mute: 0
--- !u!1102 &110200000
State:
  m_ObjectHideFlags: 3
  m_PrefabParentObject: {fileID: 0}
  m_PrefabInternal: {fileID: 0}
  m_Name: FlyLeft
  m_Speed: 1
  m_CycleOffset: 0
  m_Motions:
  - {fileID: 7400000, guid: 0b3b4d27e9edd47bb847a902e423a885, type: 2}
  m_ParentStateMachine: {fileID: 110700000}
  m_Position: {x: -384, y: 0, z: 0}
  m_IKOnFeet: 0
  m_Mirror: 0
  m_Tag: 
--- !u!1102 &110236443
State:
  m_ObjectHideFlags: 3
  m_PrefabParentObject: {fileID: 0}
  m_PrefabInternal: {fileID: 0}
  m_Name: Blend Dead
  m_Speed: 1
  m_CycleOffset: 0
  m_Motions:
  - {fileID: 20636443}
  m_ParentStateMachine: {fileID: 110700000}
  m_Position: {x: 96, y: 0, z: 0}
  m_IKOnFeet: 0
  m_Mirror: 0
  m_Tag: 
--- !u!1102 &110275800
State:
  m_ObjectHideFlags: 3
  m_PrefabParentObject: {fileID: 0}
  m_PrefabInternal: {fileID: 0}
  m_Name: FlyRight
  m_Speed: 1
  m_CycleOffset: 0
  m_Motions:
  - {fileID: 7400000, guid: 4f7494e26324f4e4c8a101995a2ba35a, type: 2}
  m_ParentStateMachine: {fileID: 110700000}
  m_Position: {x: -132, y: 0, z: 0}
  m_IKOnFeet: 0
  m_Mirror: 0
  m_Tag: 
--- !u!1107 &110700000
StateMachine:
  serializedVersion: 2
  m_ObjectHideFlags: 3
  m_PrefabParentObject: {fileID: 0}
  m_PrefabInternal: {fileID: 0}
  m_Name: Base Layer
  m_DefaultState: {fileID: 110275800}
  m_States:
  - {fileID: 110236443}
  - {fileID: 110200000}
  - {fileID: 110275800}
  m_ChildStateMachine: []
  m_ChildStateMachinePosition: []
  m_OrderedTransitions:
    data:
      first: {fileID: 0}
      second:
      - {fileID: 110100726}
    data:
      first: {fileID: 110200000}
      second:
      - {fileID: 110133625}
    data:
      first: {fileID: 110275800}
      second:
      - {fileID: 110137154}
  m_MotionSetCount: 1
  m_AnyStatePosition: {x: -48, y: 168, z: 0}
  m_ParentStateMachinePosition: {x: 800, y: 20, z: 0}
